@ARTICLE{BlekanovSergeevMartynenko,
	author = {Blekanov I. and Sergeev S. and Martynenko I.},
	title = {Построение тематико-ориентированных веб-краулеров с использованием обобщенного ядра},
	journal = {Научно-технические ведомости СПбГПУ},
	year = {2012},
	number = {5(157)},
	pages = {9--15},
	publisher = {Издательство Санкт-Петербургского Государственного Политехнического Университета},
	language = {russian},
	authorother = {true},
}

@CONFERENCE{BlekanovSergeevMaksimov,
  author = {Blekanov I. and Sergeev S. and Maksimov A.},
  title = {Веб-краулер как инструмент для вебометрических исследований на примере анализа Веб-пространства СПбГУ},
  booktitle = {Materiály IX mezinárodní vědecko-praktická konference "Moderní vymoženosti vědy - 2013"},
  year = {2013},
  address = {Praha, Chech Republic},
  publisher = {Publishing House "Education and Science" s.r.o.},
  volume = {71},
  pages = {66--69},
  language = {russian},
  authorconf = {true},
}

@CONFERENCE{BlekanovSergeev,
  author = {Blekanov I. and Sergeev S.},
  title = {Разработка инструментария для сравнительного исследования университетских сайтов},
  booktitle = {Материали за IX международна научна практична конференция "Настоящи изследования и развитие - 2013"},
   year = {2013},
  address = {София, Република България},
  publisher = {"Бял ГРАД-БГ" ООД},
  volume = {27: Математика. Физика. Съвременни технологии на информации},
  pages = {77--81},
  language = {russian},
  authorconf = {true},
}

@CONFERENCE{MaksimovBlekanov,
	author = {Maksimov A. and Blekanov I.},
	title = {Вебометрические исследования сегмента университетского Веба с помощью поискового робота},
	booktitle = {Процессы управления и устойчивость: Труды 44-й международной научной конференции аспирантов и студентов},
	year = {2013},
	publisher = {Дом С.-Петерб. гос. ун-та},
	pages = {403--408},
	language = {russian},
	authorconf = {true},
}
