@article {Kleinberg,
	author = {Kleinberg, J.},
	title = {Authoritative sources in a hyperlinked environment},
	journal = {Journal of the ACM (JACM)},
	volume = {46(5)},
	% publisher = {WILEY-VCH Verlag},
	% issn = {1521-4125},
	% doi = {10.1002/1521-4125(200007)23:7<581::AID-CEAT581>3.0.CO;2-P},
	pages = {604--632},
	year = {1999},
	language = {english}
}

@article {BrinPage,
	author = {Brin, S. and L. Page},
	year = {1998},
	title = {The anatomy of a large scale hypertextual Web search engine},
	journal = {Computer Networks and ISDN Systems},
	volume = {30(1-7)},
	pages = {107--117},
	language = {english}
}

@article {AntoniouPlegasTsakalidis,
	author = {Antoniou, D. and Y. Plegas and A. Tsakalidis and G. Tzimas and E. Viennas},
	year = {2012},
	title = {Dynamic refinement of search engines results utilizing the user intervention},
	journal = {Journal of Systems and Software},
	volume = {85(7)},
	pages = {1577--1587},
	language = {english}
}

@article {BroderKumarMaghoul,
	author = {Broder, A. and R. Kumar and F. Maghoul and P. Raghavan and S. Rajagopalan and R. Stata and A. Tomkins and J. Wiener},
	year = {2000},
	title = {Graph structure in the Web: Experiments and models},
	journal = {In WWW9},
	volume = {33(1-6)},
	pages = {309--320},
	publisher = {Elsevier Science},
	language = {english}
}

@article {AguilloGranadinoOrtega,
	author = {Aguillo, I. F. and B. Granadino and J. L. Ortega and J. A. Prieto},
	year = {2006},
	title = {Scientific research activity and communication measured with cybermetrics indicators},
	journal = {Journal of the American Society for Information Science and Technology},
	volume = {57(10)},
	pages = {1296--1302},
	language = {english}
}

@article {StuartThelwallHarries,
	author = {Stuart, D. and M. Thelwall and G. Harries},
	year = {2007},
	title = {UK academic web links and collaboration -- an exploratory study},
	journal = {Journal of Information Science},
	volume = {33(2)},
	pages = {231--246},
	language = {english}
}

@article {ArasuChoGM,
	author = {A. Arasu, and J. Cho and H. Garcia-Molina and A. Paepcke and S. Raghavan},
	year = {2007},
	title = {Searching the web},
	journal = {ACM Transactions on Internet Technology},
	month = aug,
	year = 2001,
	volume = {1},
	number = {1},
	pages = {2--43},
	language = {english}
}

@article {Pechnikov,
	author = {Печников А.А.},
	year = {2008},
	title = {Вебометрические исследования Web-сайтов университетов России},
	journal = {Информационные технологии},
	number = {11},
	pages = {74--78},
	language = {russian}
}

@article {PechnikovLugovayaChuiko,
	author = {Печников А.А. and Луговая Н.Б. and Чуйко Ю.В. and Косинец И.Э.},
	year = {2009},
	title = {Разработка инструментов для вебометрических исследований гиперссылок научных сайтов},
	journal = {Вычислительные технологии},
	volume = {14},
	number = {5},
	pages = {66--78},
	language = {russian}
}

@article {PechnikovChirkovChuiko,
	author = {Печников А.А. and Чирков А.В. and Чуйко Ю.В.},
	year = {2011},
	title = {Исследование связности научно-образовательного Веба},
	journal = {Учёные записки Петрозаводского государственного университета. Естественные и технические науки.},
	number = {8(121)},
	pages = {111--113},
	language = {russian}
}

@article {PechnikovNwohiri,
	author = {Pechnikov, A. and A. Nwohiri},
	year = {2012},
	title = {Webometric analysis of Nigerian university websites},
	journal = {Journal of Information Science},
	volume = {9},
	number = {1},
	month = jun,
	medium={Электронный ресурс},
	url = {http://www.webology.org/2012/v9n1/a95.html},
	language = {english}
}

@article {HolmbergThelwall,
	author = {Holmberg, K. and Thelwall, M.},
	year = {2009},
	title = {Local government web sites in Finland: A geographic and webometric analysis},
	journal = {Scientometrics},
	volume = {79(1)},
	pages = {157--169},
	language = {english}
}

@article {NajorkHeydon,
	author = {M. Najork and A. Heydon},
	year = {2002},
	title = {High-Performance Web Crawling},
	publisher = {Kluwer Academic Publishers},
	address = {MA, USA},
	pages = {25-45},
	language = {english}
}

@article {RaghavanGM,
	author = {S. Raghavan and H. Garcia-Molina},
	year = {2001},
	title = {Crawling the Hidden Web},
	publisher = {Morgan Kaufmann Publishers Inc.},
	address = {San Francisco, CA, USA},
	pages = {129-138},
	language = {english}
}

@online {ChoRoy,
	author = {Cho, J. and S. Roy},
	year = {2004},
	title = {Impact of Web search engines on page popularity. Proceedings of the World-Wide Web Conference},
	medium={Электронный ресурс},
	url = {http://oak.cs.ucla.edu/~cho/papers/cho-bias.pdf},
	urldate = {03.03.2014},
	language = {english}
}

@online {Thelwall,
	author = {Thelwall, M.},
	year = {2013},
	title = {Webometrics and Social Web Research Methods},
	medium={Электронный ресурс},
	url = {http://www.scit.wlv.ac.uk/~cm1993/papers/IntroductionToWebometricsAndSocialWebAnalysis.pdf},
	organization = {University of Wolverhampton},
	language = {english}
}

@conference {GuhaKunduBhadra,
	author = {Guha, S.K. and A. Kundu and S. Bhadra},
	year = {2013},
	title = {Analytical Design of Feature based Ranking},
	organization = {Computer Networks and ISDN Systems},
	publisher = {Procedia Technology},
	volume = {10},
	pages = {773--780},
	language = {english}
}

@conference {FeuerSavevAslam,
	author = {Feuer, A. and S. Savev and J.A. Aslam},
	year = {2009},
	title = {Implementing and evaluating phrasal query suggestions for proximity search},
	organization = {Sixteenth ACM Conference on Information Knowledge and Management (CIKM 2007)},
	publisher = {Information Systems},
	volume = {34(8)},
	pages = {711--723},
	language = {english}
}

@conference {Bar-Ilan,
	author = {Bar-Ilan, J.},
	year = {2001},
	title = {How much information the search engines disclose on links to a web page? A case study of the “Cybermetrics” home page},
	organization = {Proc. 8th Intern. Conf. on Scientometrics and Informetrics},
	volume = {1},
	pages = {63--73},
	language = {english}
}

@conference {ChoGM,
	author = {J. Cho and H. Garcia-Molina},
	year = {2000},
	title = {The evolution of the web and implications for an incremental crawler},
	organization = {In Proceedings of the 26th International Conference on Very Large Databases},
	address = {CA, USA},
	pages = {200--209},
	language = {english}
}

@conference {MohrKimptonStack,
	author = {Mohr, G. and Kimpton, M. and Stack, M., and Ranitovic, I.},
	year = {2005},
	title = {Introduction to Heritrix: an open source archival quality web crawler},
	organization = {Proceedings of the 4th International Web Archiving Workshop (IWAW’04)},
	address = {Bath, UK},
	pages = {15},
	language = {english}
}

@conference {LeeKimHong,
	author = {Sang Ho Lee and Sung Jin Kim and Seok Hoo Hong},
	year = {2005},
	title = {On URL normalization},
	organization = {Proceedings of the International Conference on Computational Science and its Applications (ICCSA)},
	volume = {2},
	pages = {1076--1086},
	language = {english}
}

@book {Chakrabarti,
	author = {Chakrabarti, S.},
	year = {2003},
	title = {Mining the Web: Analysis of hypertext and semi structured data},
	address = {New York},
	publisher = {Morgan Kaufmann},
	numpages = {364},
	language = {english}
}

@book {Sedgewick,
	author = {Sedgewick, R.},
	year = {2003},
	title = {Algorithms in Java, Part 5: Graph Algorithms},
	publisher = {Addison-Wesley Professional},
	edition = {3rd},
	numpages = {528},
	language = {english}
}